@techreport{ATL-PHYS-PUB-2015-015,
      author         = "{ATLAS Collaboration}",
      title         = "{Jet Calibration and Systematic Uncertainties for Jets
                       Reconstructed in the ATLAS Detector at $\sqrt{s}=13$ TeV}",
      collaboration  = "ATLAS",
      institution   = "CERN",
      address       = "Geneva",
      number        = "ATL-PHYS-PUB-2015-015",
      month         = "Jul",
      year          = "2015",
      reportNumber  = "ATL-PHYS-PUB-2015-015",
      url           = "https://cds.cern.ch/record/2037613",
}
@article{Evans_2008,
	doi = {10.1088/1748-0221/3/08/s08001},
	url = {https://doi.org/10.1088%2F1748-0221%2F3%2F08%2Fs08001},
	year = 2008,
	month = {aug},
	publisher = {{IOP} Publishing},
	volume = {3},
	number = {08},
	pages = {S08001--S08001},
	author = {Lyndon Evans and Philip Bryant},
	title = {{LHC} Machine},
	journal = {Journal of Instrumentation},
	annote = {The Large Hadron Collider (LHC) at CERN near Geneva is the
world's newest and most powerful tool for Particle Physics
research. It is designed to collide proton beams with a centre-of-mass
energy of 14 TeV and an unprecedented luminosity of 1034 cm−2 s−1. It
can also collide heavy (Pb) ions with an energy of 2.8 TeV per nucleon
and a peak luminosity of 1027 cm−2 s−1. In this paper, the machine
design is described.}
}
@article{DeMelis:2119882,
      author        = "De Melis, Cinzia",
      title         = "{The CERN accelerator complex. Complexe des
                       accélérateurs du CERN}",
      month         = "Jan",
      year          = "2016",
      reportNumber  = "OPEN-PHO-ACCEL-2016-001",
      url           = "https://cds.cern.ch/record/2119882",
      note          = "General Photo",
}
@article{Reich,
      author        = "Reich, K.H.",
      title         = "{The CERN Proton Synchrotron Booster}",
      year          = "1969",
      reportNumber  = "PAC1969_0959",
      url           = "http://accelconf.web.cern.ch/Accelconf/p69/PDF/PAC1969_0959.PDF",
      note          = "Round Table On Booster Injectors",	    

}
@article{Reich,
      author        = "Reich, K.H.",
      title         = "{The CERN Proton Synchrotron Booster}",
      month         = "Jan",
      year          = "1969",
      reportNumber  = "PAC1969_0959",
      url           = "http://accelconf.web.cern.ch/Accelconf/p69/PDF/PAC1969_0959.PDF",
      note          = "Round Table On Booster Injectors",	    

}
@article{Brianti:340514,
      author        = "Brianti, Giorgio",
      title         = "{The CERN synchrotrons}",
      year          = "1997",
      url           = "https://cds.cern.ch/record/340514",
}
@online{•,
author = {•},
title = {•},
year = {•},
url = {•},
OPTsubtitle = {•},
OPTtitleaddon = {•},
OPTversion = {•},
OPTnote = {•},
OPTorganization = {•},
OPTdate = {•},
OPTmonth = {•},
OPTaddendum = {•},
OPTpubstate = {•},
OPTurldate = {•},
}
